@misc{virus,
	title = "Molecular Dynamics of Viruses",
	author = "Theoretical and Computational Biophysics Group at University of Illinois at Urbana-Champaign",
	howpublished = "{\url{http://www.ks.uiuc.edu/Research/STMV/}}",
}
}@article{alder,
	title = "Phase Transition for a Hard Sphere System",
	author = "Alder, B.~J. and Wainwright, T.~E.",
	journal = "The Journal of Chemical Physics",
	volume = "27",
    pages = "1208 - 1209",
	year = "1957",
	doi = "10.1063/1.1743957",
	url = "http://adsabs.harvard.edu/abs/1957JChPh..27.1208A",
}
@article{argon,
  title = "Correlations in the Motion of Atoms in Liquid Argon",
  author = "Rahman, A.",
  journal = "Phys. Rev.",
  volume = "136",
  issue = "2A",
  pages = "A405 -- A411",
  numpages = "0",
  year = "1964",
  doi = "10.1103/PhysRev.136.A405",
  url = "http://link.aps.org/doi/10.1103/PhysRev.136.A405",
}
@article{understanding,
	title = "Understanding Modern Molecular Dynamics: Techniques and Applications",
	author = "Mark E. Tuckerman* and Glenn J. Martyna",
	journal = "The Journal of Physical Chemistry B",
	volume = "104",
	number = "2",
	pages = "159 - 178",
	year = "2000",
	url = "http://dx.doi.org/10.1021/jp992433y",
}